@Misc{ optimalNeighbourhood,
    author = {Weinmann, M. and Jutzi, B. and Hinz, S. and Mallet, C.},
    title = {Semantic point cloud interpretation based on optimal neighborhoods, relevant features and efficient classifiers},
    type = {Paper},
    year = 2015
}
@Misc{ optimal-K-Nearest-Neighborhood,
    author = {Weinmann, M. and Jutzi, B. and Hinz, S. and Mallet, C.},
    title = {Semantic 3d {S}cene {I}nterpretation: {A} {F}ramework {C}ombining {O}ptimal {N}eighborhood {S}ize {S}election {W}ith {R}elevant {F}eatures.},
    type = {Paper},
    year = 2014
}
@Misc{ kd-tree,
    author ={Friedman, J. H. and Bentley, J. L. and Finkel, R. A.},
    title ={An {A}lgorithm for {F}inding {B}est {M}atches in {L}ogarithmic {E}xpected {T}ime},
    type = {Paper},
    year = 1977
}
@Misc{ kd-tree-sliding-midpoint,
    author ={Maneewongvatana, S. and Mount, D. M.},
    title ={It's okay to be skinny, if your friends are fat},
    type = {Paper},
    year = 1999
}

@Misc{ Adaptive-Welding-Automation,
    author ={Austefjord, R.},
    title ={Adaptive {W}elding {A}utomation based on 3{D} {P}oint {C}louds},
    type = {Project},
    year = 2020
}

@online{ Halftones,
title     = {Halftones},
url       = {https://github.com/philgyford/python-halftone},
type		= {Homepage on the Internet},
lastchecked	= {2021 Feb 04},
year      = {2020}
}

@Misc{ nn-crops,
    author ={Jiang, Y. and Li, C. and Takeda, F. and Kramer, E. A. and Ashrafi, H. and Hunter, J.},
    title ={3D point cloud data to quantitatively characterize size and shape of shrub crops},
    type = {Paper},
    year = 2019
}



@Misc{ nn-point-cloud-classifier,
    author ={Zhu, L. and Kukko, A. and Virtanen, JP. and Hyyppä, J. and Kaartinen, H. and Hyyppä, H. and Turppa, T.},
    title ={Multisource {P}oint {C}louds, {P}oint {S}implification and {S}urface {R}econstruction},
    type = {Paper},
    year = 2019
}

@Misc{ Superquadrics,
    author ={Barr, A. H.},
    title ={Superquadrics and {A}nglePreserving {T}ransformations},
    type = {Paper},
    year = 1981
}
@Misc{ Shannon-Entropy,
    author ={Shannon, C. E.},
    title ={A {M}athematical {T}heory of {C}ommunication},
    type = {Paper},
    year = 1948
}

@Misc{ 2D-3D,
    author ={Su, H. and Maji, S. Kalogerakis, E. and Learned-Miller, E.},
    title ={Multi-view {C}onvolutional {N}eural {N}etworks for 3{D} {S}hape {R}ecognition},
    type = {Paper},
    year = 2015
}

@Misc{ 3D-Volumetric,
    author ={Qi, C. R. and Su, H. and Nießner, M. and Dai, A. and Yan, M. and Guibas, L. J.},
    title ={Volumetric and {M}ulti-{V}iew {CNN}s for {O}bject {C}lassification on 3{D} {D}ata},
    type = {Paper},
    year = 2016
}

@Misc{ Depth,
    author ={Zhou, T. and Brown, M. and Snavely, N. and Lowe, D.},
    title ={Unsupervised {L}earning of {D}epth and {E}go-{M}otion from {V}ideo},
    type = {Paper},
    year = 2017
}

@online{ Ordinary-Least-Squares,
title     = {Ordinary {L}east {S}quares},
url       = {https://en.wikipedia.org/wiki/Ordinary_least_squares},
type		= {Homepage on the Internet},
lastchecked	= {2021 May 04},
year      = {2021}
}

@online{ Total-Least-Squares,
title     = {Total {L}east {S}quares},
url       = {https://en.wikipedia.org/wiki/Total_least_squares},
type		= {Homepage on the Internet},
lastchecked	= {2021 May 06},
year      = {2021}
}

@online{ 3d-svd,
title     = {3{D} {SVD}},
url       = {https://math.stackexchange.com/questions/2810048/plane-fitting-using-svd-normal-vector},
type		= {Homepage on the Internet},
lastchecked	= {2021 May 06},
year      = {2021}
}

@Misc{		  GKN_assets,
  title		= {Models developed by and subject to copyright at {GKN} {T}rollhättan},
  address	= {Flygmotorvägen 1, 461 38 Trollhättan},
  type		= {Intellectual Property}
}

@online{ Stanford-bunny,
title     = {Stanford 3D Scanning Repository},
url       = {http://graphics.stanford.edu/data/3Dscanrep/},
type		= {Homepage on the Internet},
lastchecked	= {2021 May 10},
year      = {1993}
}

@misc{ Point-net-presentation,
    author ={Qi, C. R. and Su, H. and Mo, K. and Guibas, L. J.},
    title ={Point{N}et: {D}eep {L}earning on {P}oint {S}ets for
3{D} {C}lassification and {S}egmentation},
    url  = {https://web.stanford.edu/~rqi/pointnet/docs/cvpr17_pointnet_slides.pdf},
    type = {Presentation, PDF},
    lastchecked	= {2021 May 10},
    year = {2017}
}



% @Misc{		  InfraredAAW,
%   author	= {Nagarajan, S. and Chen, W. H. and Chin, B. A.},
%   title		= {Infrared Sensing for Adaptive Arc Welding},
%   type		= {Paper},
%   year		= 1989
% }
% @Misc{		  sensorsAW,
%   author	= {Ushio, M. and Mao, W.},
%   title		= {Sensors for Arc Welding: Advanteges and Limitations},
%   address	= {Osaka},
%   publisher	= {Osaka University Knowledge Archive : OUKA},
%   type		= {Transactions of JWRI. 23(2) P.135-P.141},
%   year		= 1994
% }
% @Article{	  UltrasonicAD,
%   title		= {Ultrasonic Adaptive Detection for Aerospace Components with Varying Thickness},
%   author	= {Xiao, Z. and Xu, C. and Xiao, D. and Peng, G. and Li, X.},
%   journal	= {Mathematical Problems in Engineering},
%   volume	= {2017},
%   number	= {Article ID 9739678},
%   pages		= {11},
%   organization	= {School of Mechanical Engineering, Beijing Institute of Technology, Beijing 100081, China},
%   year		= 2017
% }
% @Misc{		  AutomatedPR,
%   author	= {Kuss, A. and Dietz, T. and Spentarh, F. and Verl, A.},
%   title		= {Automated planning of robotic MAG welding based on adaptive gap model},
%   type		= {Paper},
%   year		= 2017
% }
% @Misc{		  AdaptivePC,
%   author	= {Engström, H. and Kaplan, A.},
%   title		= {Adaptive Process Control in Laser Robotic Welding},
%   type		= {Paper},
%   year		= 2003
% }
% @Misc{		  RoboticAA,
%   author	= {Tingelstad, L. and Egeland, O.},
%   title		= {Robotic assembly of aircraft engine components using a closed-loop alignment process},
%   type		= {Paper},
%   year		= 2014
% }
% @Misc{		  ExpertS,
%   author	= {Siores, E.},
%   title		= {Expert Systems, an Application to Welding Adaptive Control},
%   type		= {Paper},
%   year		= 1992
% }
% @Misc{		  GeneticA,
%   author	= {Ahire, P. G. and Patil, U. S. and Kadam, M. S.},
%   title		= {Genetic Algorithm Based Optimization of the Process Parameters for Manual Metal Arc Welding of Dissimilar Metal Joint},
%   type		= {Paper},
%   year		= 2018
% }
% @Misc{		  FusingMA,
%   author	= {Liu, Y. and Zhang, Y.},
%   title		= {Fusing machine algorithm with welder intelligence for adaptive welding robots},
%   type		= {Paper},
%   year		= 2017
% }
% @online{      ATOS_SB,
%   title     = {ATOS {S}can{B}ox {S}eries 6},
%   url       = {https://www.gom.com/metrology-systems/atos-scanbox/atos-scanbox-series-6.html},
%   type		= {homepage on the Internet},
%   lastchecked	= {2020 Sep 14},
%   year      = {2020}
% }
% @online{      ATOS_TS,
%   title     = {ATOS {T}ripple {S}can},
%   url       = {https://www.gom.com/metrology-systems/atos/atos-triple-scan.html},
%   type		= {homepage on the Internet},
%   lastchecked	= {2020 Sep 14},
%   year      = {2020}
% }
% @online{      ATOS_P,
%   title     = {ATOS {P}lus},
%   url       = {https://www.gom.com/metrology-systems/atos-plus.html},
%   type		= {homepage on the Internet},
%   lastchecked	= {2020 Sep 14},
%   year      = {2020}
% }
% @online{      ATOS_Prof,
%   title     = {ATOS {P}rofessional},
%   url       = {https://www.gom.com/3d-software/gom-system-software/atos-professional.html},
%   type		= {homepage on the Internet},
%   lastchecked	= {2020 Sep 14},
%   year      = {2020}
% }
% @online{      QDAS,
%   title     = {{Q-DAS}},
%   url       = {https://www.q-das.com/en/},
%   type		= {homepage on the Internet},
%   lastchecked	= {2020 Sep 16},
%   year      = {2020}
% }
% @Misc{		  GKN_assets,
%   title		= {Models developed by and subject to copyright at {GKN} {T}rollhättan},
%   address	= {Flygmotorvägen 1, 461 38 Trollhättan},
%   type		= {Intellectual Property}
% }

% @online{      ConvexHull,
%   title     = {Wolfram},
%   url       = {https://www.wolfram.com/mathematica/new-in-10/data-and-mesh-regions/convex-hulls.html},
%   type		= {homepage on the Internet},
%   lastchecked	= {2020 Sep 28},
%   year      = {2020}
% }
% @online{      KDtree,
%   title     = {KD-Tree},
%   url       = {https://en.wikipedia.org/wiki/K-d_tree},
%   type		= {homepage on the Internet},
%   lastchecked	= {2020 Nov 11},
%   year      = {2020}
% }
% @online{      Squeeze,
%   title     = {Squeeze Theorem for Convergent Sequences},
%   url       = {http://mathonline.wikidot.com/the-squeeze-theorem-for-convergent-sequences},
%   type		= {homepage on the Internet},
%   lastchecked	= {2020 Nov 12},
%   year      = {2020}
% }
% @Misc{		  Octant,
%   author	= {Merrill, J.},
%   title		= {The Three-Dimensional Coordinate System},
%   type		= {PDF},
%   year		= 2010
% }

% %@Patent{	  pagedas:flexible,
% %  inventor	= {Pagedas, A.C.},
% %  assignee	= {Ancel Surgical R\&D Inc.},
% %  title		= {Flexible endoscopic grasping and cutting device and positioning tool assembly},
% %  numberi	= {United States patent US 20020103498},
% %  year		= {2002}
% %}

% %@Article{	  21st,
% %  title		= {21st century heart solution may have a sting in the
% %		  tail.},
% %  journal	= {BMJ},
% %  volume	= {325},
% %  number	= {7357},
% %  pages		= {184},
% %  year		= 2002
% %}

% %@online{	  american,
% %  title		= {American {M}edical {A}ssociation},
% %  part		= {AMA Office of Group Practice Liaison; [about 2 screens]},
% %  address	= {Chicago},
% %  publisher	= {The Association},
% %  type		= {homepage on the Internet},
% %  year		= {1995},
% %  lastchecked	= {2002 Aug 12},
% %  updated	= {2001 Aug 23},
% %  url		= {http://www.ama-assn.org/ama/pub/category/1736.html}
% %}

% %@online{	  bibliographic,
% %  title		= {Bibliographic {S}ervices {D}ivision},
% %  address	= {Bethesda (MD)},
% %  publisher	= {National Library of Medicine (US)},
% %  type		= {homepage on the Internet},
% %  year		= {1993},
% %  lastchecked	= {2006 Mar 10},
% %  updated	= {2005 Sep 19},
% %  url		= {http://www.nlm.nih.gov/bsd/uniform_requirements.html}
% %}

% % @online{	  cancer-pain,
% %   title		= {Cancer-{P}ain.org},
% %   publisher	= {Association of Cancer Online Resources, Inc.},
% %   address	= {New York},
% %   type		= {homepage on the Internet},
% %   year		= {2000},
% %   lastchecked	= {2002 Jul 9},
% %   updated	= {2002 May 16},
% %   url		= {http://www.cancer-pain.org/}
% % }

% % @Book{		  compendium,
% %   title		= {Compendium of nursing research and practice development,
% % 		  1999-2000},
% %   publisher	= {Adelaide University},
% %   address	= {Adelaide (Australia)},
% %   organization	= {{Royal Adelaide Hospital} and {University of Adelaide,
% % 		  Department of Clinical Nursing}},
% %   year		= 2001
% % }

% % @Article{	  hypertension,
% %   title		= {Hypertension, insulin, and proinsulin in participants with
% % 		  impaired glucose tolerance.},
% %   journal	= {Hypertension},
% %   volume	= {40},
% %   number	= {5},
% %   pages		= {679-86},
% %   organization	= {Diabetes Prevention Program Research Group},
% %   year		= 2002
% % }

% % @online{	  mesh,
% %   title		= {Me{SH} {B}rowser},
% %   part		= {Meta-analysis; unique ID: D015201},
% %   address	= {Bethesda (MD)},
% %   pages		= {about 3 p.},
% %   publisher	= {National Library of Medicine (US)},
% %   type		= {database on the Internet},
% %   year		= {2002},
% %   lastchecked	= {2003 Jun 10},
% %   url		= {http://www.nlm.nih.gov/mesh/MBrowser.html},
% % }

% % @Article{	  outreach,
% %   title		= {Outreach: bringing {HIV}-positive individuals into care.},
% %   journal	= {HRSA Careaction},
% %   pages		= {1-6},
% %   year		= 2002
% % }

% % @online{	  whos,
% %   title		= {Who's {C}ertified},
% %   address	= {Evanston (IL)},
% %   publisher	= {The American Board of Medical Specialists},
% %   type		= {database on the Internet},
% %   year		= {2000},
% %   lastchecked	= {2001 Mar 8},
% %   url		= {http://www.abms.org/newsearch.asp}
% % }

% % @Article{	  abend.kulish:psychoanalytic,
% %   author	= {Abend, S.M. and Kulish, N.},
% %   title		= {The psychoanalytic method from an epistemological
% % 		  viewpoint.},
% %   journal	= {Int J Psychoanal},
% %   volume	= {83},
% %   number	= {Pt 2},
% %   pages		= {491-5},
% %   year		= 2002
% % }

% % @online{	  abood:quality,
% %   author	= {Abood, S.},
% %   title		= {Quality improvement initiative in nursing homes: the {ANA}
% % 		  acts in an advisory role},
% %   journal	= {Am J Nurs},
% %   type		= {serial on the Internet},
% %   volume	= {102},
% %   number	= {6},
% %   pages		= {about 3 p.},
% %   month		= {6},
% %   year		= {2002},
% %   lastchecked	= {2002 Aug 12},
% %   url		= {http://www.nursingworld.org/AJN/2002/june/Wawatch.htm}
% % }

% % @Article{	  ahrar.madoff.ea:development,
% %   author	= {Ahrar, Kamran and Madoff, David C and Gupta, Sanjay and
% % 		  Wallace, Michael J and Price, Roger E and Wright, Kenneth
% % 		  C},
% %   title		= {Development of a large animal model for lung tumors.},
% %   journal	= {J Vasc Interv Radiol},
% %   volume	= {13},
% %   number	= {9 Pt 1},
% %   pages		= {923-8},
% %   year		= 2002
% % }

% % @Misc{		  anderson.poulsen:andersons,
% %   author	= {Anderson, S.C. and Poulsen, K.B.},
% %   title		= {Anderson's electronic atlas of hematology},
% %   address	= {Philadelphia},
% %   publisher	= {Lippincott Williams \& Wilkins},
% %   type		= {CD-ROM},
% %   year		= 2002
% % }

% % @Article{	  banit.kaufer.ea:intraoperative,
% %   author	= {Banit, D.M. and Kaufer, H. and Hartford, J.M.},
% %   title		= {Intraoperative frozen section analysis in revision total
% % 		  joint arthroplasty.},
% %   journal	= {Clin Orthop Relat Res},
% %   number	= {401},
% %   pages		= {230-8},
% %   year		= 2002
% % }

% % @PhDThesis{	  borkowski:infant,
% %   author	= {Borkowski, M.M.},
% %   title		= {Infant sleep and feeding: a telephone survey of {H}ispanic
% % 		  {A}mericans},
% %   school	= {Central Michigan University},
% %   type		= {dissertation},
% %   address	= {Mount Pleasant (MI)},
% %   year		= 2002
% % }

% % @Book{		  breedlove.schorfheide:adolescent,
% %   author	= {Breedlove, G.K. and Schorfheide, A.M.},
% %   editor	= {Wieczorek, R.R.},
% %   title		= {Adolescent pregnancy},
% %   publisher	= {March of Dimes Education Services},
% %   address	= {White Plains (NY)},
% %   edition	= {2},
% %   year		= 2001
% % }

% % @Article{	  chadwick.schuklenk:politics,
% %   author	= {Chadwick, R. and Schuklenk, U.},
% %   title		= {The politics of ethical consensus finding.},
% %   journal	= {Bioethics},
% %   volume	= {16},
% %   number	= {2},
% %   pages		= {iii-v},
% %   year		= 2002
% % }

% % @Misc{		  chason.sallustio:hospital,
% %   author	= {Chason, K.W. and Sallustio, S.},
% %   title		= {Hospital preparedness for bioterrorism},
% %   address	= {Secaucus (NJ)},
% %   publisher	= {Network for Continuing Medical Education},
% %   type		= {videocassette},
% %   year		= 2002
% % }

% % @InProceedings{	  christensen.oppacher:analysis,
% %   author	= {Christensen, S. and Oppacher, F.},
% %   title		= {An analysis of {K}oza's computational effort statistic for
% % 		  genetic programming},
% %   booktitle	= {Genetic programming. {E}uro{GP} 2002: {P}roceedings of the
% % 		  5th {E}uropean {C}onference on {G}enetic {P}rogramming;
% % 		  2002 {A}pr 3-5; {K}insdale, {I}reland},
% %   editor	= {Foster, J.A. and Lutton, E. and Miller, J. and Ryan, C.
% % 		  and Tettamanzi, A.G.},
% %   pages		= {182-91},
% %   address	= {Berlin},
% %   publisher	= {Springer},
% %   year		= 2002
% % }

% % @Article{	  ellingsen.wilhelmsen:sykdomsangst,
% %   author	= {Ellingsen, A.E. and Wilhelmsen, I.},
% %   title		= {Sykdomsangst blant medisin- og jusstudenter},
% %   journal	= {Tidsskr Nor Laegeforen},
% %   volume	= {122},
% %   number	= {8},
% %   pages		= {785-7},
% %   year		= 2002
% % }
